@article{Canny:1986:ACA,
  number = {6},
  volume = {8},
  optnote = {CANNY86},
  author = {F. John Canny},
  optstatus = {OK, URL, Paper, RI},
  localfile = {papers/Canny.1986.ACA.pdf},
  title = {A {C}omputational {A}pproach to {E}dge {D}etection},
  doi = {http://doi.acm.org/10.1145/11274.11275},
  journal = j-IEEE-PAMI,
  pages = {679--698},
  year = {1986},
}

@INPROCEEDINGS{surf,
    author = {Herbert Bay and Tinne Tuytelaars and Luc Van Gool},
    title = {Surf: Speeded up robust features},
    booktitle = {In ECCV},
    year = {2006},
    pages = {404--417}
}

@inproceedings{gftt,
   author = "Jianbo Shi and Carlo Tomasi",
   title = "Good Features to Track",
   booktitle = "1994 IEEE Conference on Computer Vision and Pattern Recognition (CVPR'94)",
   pages = "593 - 600",
   year = "1994",
} 

@inproceedings{background-inpainting,
 author = {Granados, Miguel and Kim, Kwang In and Tompkin, James and Kautz, Jan and Theobalt, Christian},
 title = {Background Inpainting for Videos with Dynamic Objects and a Free-moving Camera},
 booktitle = {Proceedings of the 12th European Conference on Computer Vision - Volume Part I},
 series = {ECCV'12},
 year = {2012},
 isbn = {978-3-642-33717-8},
 location = {Florence, Italy},
 pages = {682--695},
 numpages = {14},
 url = {http://dx.doi.org/10.1007/978-3-642-33718-5_49},
 doi = {10.1007/978-3-642-33718-5_49},
 acmid = {2402992},
 publisher = {Springer-Verlag},
 address = {Berlin, Heidelberg},
 keywords = {background estimationv, free-camera, graph-cuts, image alignment, video completion, video inpainting, video processing},
} 
