@article{Canny:1986:ACA,
  number = {6},
  volume = {8},
  optnote = {CANNY86},
  author = {F. John Canny},
  optstatus = {OK, URL, Paper, RI},
  localfile = {papers/Canny.1986.ACA.pdf},
  title = {A {C}omputational {A}pproach to {E}dge {D}etection},
  doi = {http://doi.acm.org/10.1145/11274.11275},
  journal = j-IEEE-PAMI,
  pages = {679--698},
  year = {1986},
}

@INPROCEEDINGS{Bay06surf:speeded,
    author = {Herbert Bay and Tinne Tuytelaars and Luc Van Gool},
    title = {Surf: Speeded up robust features},
    booktitle = {In ECCV},
    year = {2006},
    pages = {404--417}
}

@inproceedings{Shi_1994_3266,
   author = "Jianbo Shi and Carlo Tomasi",
   title = "Good Features to Track",
   booktitle = "1994 IEEE Conference on Computer Vision and Pattern Recognition (CVPR'94)",
   pages = "593 - 600",
   year = "1994",
} 

